@misc{ashraf2017persistent,
  title={Persistent organic pollutants (POPs): a global issue, a global challenge},
  author={Ashraf, Muhammad Aqeel},
  year={2017},
  publisher={Springer}
}
@article{hardell2006utero,
  title={In utero exposure to persistent organic pollutants in relation to testicular cancer risk},
  author={Hardell, Lennart and van Bavel, Bert and Lindstr{\"o}m, Gunilla and Eriksson, Mikael and Carlberg, Michael},
  journal={International journal of andrology},
  volume={29},
  number={1},
  pages={228--234},
  year={2006},
  publisher={Wiley Online Library}
}
@unpublished{dros2017,
  title={Drosophila Maintenance Protocol},
  author={JoVE},
  year=2017,
  note ={Retrieved December 20, 2020, from https://www.jove.com/v/5084/drosophila-maintenance},
}
@article{ferres2006epigenetic,
  title={Epigenetic silencers and Notch collaborate to promote malignant tumours by Rb silencing},
  author={Ferres-Marco, Dolors and Gutierrez-Garcia, Irene and Vallejo, Diana M and Bolivar, Jorge and Gutierrez-Avino, Francisco J and Dominguez, Maria},
  journal={Nature},
  volume={439},
  number={7075},
  pages={430--436},
  year={2006},
  publisher={Nature Publishing Group}
}
@article{toba1999gene,
  title={The gene search system: a method for efficient detection and rapid molecular identification of genes in Drosophila melanogaster},
  author={Toba, Gakuta and Ohsako, Takashi and Miyata, Naomasa and Ohtsuka, Tsuyoshi and Seong, Ki-Hyeon and Aigaki, Toshiro},
  journal={Genetics},
  volume={151},
  number={2},
  pages={725--737},
  year={1999},
  publisher={Oxford University Press}
}
@article{pagliarini2003genetic,
  title={A genetic screen in Drosophila for metastatic behavior},
  author={Pagliarini, Raymond A and Xu, Tian},
  journal={Science},
  volume={302},
  number={5648},
  pages={1227--1231},
  year={2003},
  publisher={American Association for the Advancement of Science}
}
@misc{wiki2018qpcr,
  author = {Wikipedia},
  title = "Real-time polymerase chain reaction --- {W}ikipedia{,} The Free Encyclopedia",
  year = "2018",
  url = "https://en.wikipedia.org/w/index.php?title=Real-time_polymerase_chain_reaction&oldid=995018991",
  note = "Online; accessed 22-December-2020"
}
@article{vandesompele2002accurate,
  title={Accurate normalization of real-time quantitative RT-PCR data by geometric averaging of multiple internal control genes},
  author={Vandesompele, Jo and De Preter, Katleen and Pattyn, Filip and Poppe, Bruce and Van Roy, Nadine and De Paepe, Anne and Speleman, Frank},
  journal={Genome biology},
  volume={3},
  number={7},
  pages={research0034--1},
  year={2002},
  publisher={Springer}
}