@inproceedings{fossum1993active,
  title={Active pixel sensors: Are CCDs dinosaurs?},
  author={Fossum, Eric R},
  booktitle={Charge-Coupled Devices and Solid State Optical Sensors III},
  volume={1900},
  pages={2--14},
  year={1993},
  organization={International Society for Optics and Photonics}
}

@inproceedings{fossum2020invention,
  title={The Invention of CMOS Image Sensors: A Camera in Every Pocket},
  author={Fossum, Eric R},
  booktitle={2020 Pan Pacific Microelectronics Symposium (Pan Pacific)},
  pages={1--6},
  year={2020},
  organization={IEEE}
}

@misc{wiki:Wayne_F._Miller,
   author = "Wikipedia",
   title = "{Wayne F. Miller} --- {W}ikipedia{,} The Free Encyclopedia",
   year = "2021",
   howpublished = {\url{http://en.wikipedia.org/w/index.php?title=Wayne\%20F.\%20Miller&oldid=1015725259}},
   note = "[Online; accessed 09-May-2021]"
 }

 @misc{LL2020, title={Understanding CMOS Image Sensor}, url={https://zhuanlan.zhihu.com/p/100777121}, journal={知乎专栏}, author={斯宁 刘}, year={2020}, month={Dec}} 