@article{uniprot2021uniprot,
  title={UniProt: The universal protein knowledgebase in 2021},
  journal={Nucleic Acids Research},
  volume={49},
  number={D1},
  pages={D480--D489},
  year={2021},
  publisher={Oxford University Press}
}