@article{guex1997swiss,
  title={SWISS-MODEL and the Swiss-Pdb Viewer: an environment for comparative protein modeling},
  author={Guex, Nicolas and Peitsch, Manuel C},
  journal={electrophoresis},
  volume={18},
  number={15},
  pages={2714--2723},
  year={1997},
  publisher={Wiley Online Library}
}
@article{zhang2008tasser,
  title={I-TASSER server for protein 3D structure prediction},
  author={Zhang, Yang},
  journal={BMC bioinformatics},
  volume={9},
  number={1},
  pages={1--8},
  year={2008},
  publisher={Springer}
}
@article{rohl2004protein,
  title={Protein structure prediction using Rosetta},
  author={Rohl, Carol A and Strauss, Charlie EM and Misura, Kira MS and Baker, David},
  journal={Methods in enzymology},
  volume={383},
  pages={66--93},
  year={2004},
  publisher={Elsevier}
}






@article{hamosh2005online,
  title={Online Mendelian Inheritance in Man (OMIM), a knowledgebase of human genes and genetic disorders},
  author={Hamosh, Ada and Scott, Alan F and Amberger, Joanna S and Bocchini, Carol A and McKusick, Victor A},
  journal={Nucleic acids research},
  volume={33},
  number={suppl\_1},
  pages={D514--D517},
  year={2005},
  publisher={Oxford University Press}
}
@article{edgar2004muscle,
  title={MUSCLE: multiple sequence alignment with high accuracy and high throughput},
  author={Edgar, Robert C},
  journal={Nucleic acids research},
  volume={32},
  number={5},
  pages={1792--1797},
  year={2004},
  publisher={Oxford University Press}
}
@article{yan2020structural,
  title={Structural basis for the recognition of SARS-CoV-2 by full-length human ACE2},
  author={Yan, Renhong and Zhang, Yuanyuan and Li, Yaning and Xia, Lu and Guo, Yingying and Zhou, Qiang},
  journal={Science},
  volume={367},
  number={6485},
  pages={1444--1448},
  year={2020},
  publisher={American Association for the Advancement of Science}
}
@article{kumar2018mega,
  title={MEGA X: molecular evolutionary genetics analysis across computing platforms},
  author={Kumar, Sudhir and Stecher, Glen and Li, Michael and Knyaz, Christina and Tamura, Koichiro},
  journal={Molecular biology and evolution},
  volume={35},
  number={6},
  pages={1547--1549},
  year={2018},
  publisher={Oxford University Press}
}
@article{larkin2007clustal,
  title={Clustal W and Clustal X version 2.0},
  author={Larkin, Mark A and Blackshields, Gordon and Brown, Nigel P and Chenna, R and McGettigan, Paul A and McWilliam, Hamish and Valentin, Franck and Wallace, Iain M and Wilm, Andreas and Lopez, Rodrigo and others},
  journal={bioinformatics},
  volume={23},
  number={21},
  pages={2947--2948},
  year={2007},
  publisher={Oxford University Press}
}
@article{crooks2004weblogo,
  title={WebLogo: a sequence logo generator},
  author={Crooks, Gavin E and Hon, Gary and Chandonia, John-Marc and Brenner, Steven E},
  journal={Genome research},
  volume={14},
  number={6},
  pages={1188--1190},
  year={2004},
  publisher={Cold Spring Harbor Lab}
}
@article{yachdav2016msaviewer,
  title={MSAViewer: interactive JavaScript visualization of multiple sequence alignments},
  author={Yachdav, Guy and Wilzbach, Sebastian and Rauscher, Benedikt and Sheridan, Robert and Sillitoe, Ian and Procter, James and Lewis, Suzanna E and Rost, Burkhard and Goldberg, Tatyana},
  journal={Bioinformatics},
  volume={32},
  number={22},
  pages={3501--3503},
  year={2016},
  publisher={Oxford University Press}
}
@misc{wiki:Multiple_sequence_alignment,
   author = "Wikipedia",
   title = "{Multiple sequence alignment} --- {W}ikipedia{,} The Free Encyclopedia",
   year = "2021",
   howpublished = {\url{http://en.wikipedia.org/w/index.php?title=Multiple\%20sequence\%20alignment&oldid=1004724979}},
   note = "[Online; accessed 07-May-2021]"
 }
@book{cherry2013feigin,
  title={Feigin and Cherry's Textbook of Pediatric Infectious Diseases E-Book: 2-Volume Set},
  author={Cherry, James and Demmler-Harrison, Gail J and Kaplan, Sheldon L and Steinbach, William J and Hotez, Peter J},
  year={2013},
  publisher={Elsevier Health Sciences}
}
