@misc{wiki:List_of_academic_databases_and_search_engines,
   author = "Wikipedia",
   title = "{List of academic databases and search engines} --- {W}ikipedia{,} The Free Encyclopedia",
   year = "2021",
   howpublished = {\url{http://en.wikipedia.org/w/index.php?title=List\%20of\%20academic\%20databases\%20and\%20search\%20engines&oldid=1011622794}},
   note = "[Online; accessed 12-March-2021]"
}

@article{gusenbauer2019google,
  title={Google Scholar to overshadow them all? Comparing the sizes of 12 academic search engines and bibliographic databases},
  author={Gusenbauer, Michael},
  journal={Scientometrics},
  volume={118},
  number={1},
  pages={177--214},
  year={2019},
  publisher={Springer}
}

@article{fiorini2017cutting,
  title={Cutting edge: towards PubMed 2.0},
  author={Fiorini, Nicolas and Lipman, David J and Lu, Zhiyong},
  journal={Elife},
  volume={6},
  pages={e28801},
  year={2017},
  publisher={eLife Sciences Publications Limited}
}

@misc{roberts2001pubmed,
  title={PubMed Central: The GenBank of the published literature},
  author={Roberts, Richard J},
  year={2001},
  publisher={National Acad Sciences}
}

@article{europe2015europe,
  title={Europe PMC: a full-text literature database for the life sciences and platform for innovation},
  author={Europe PMC Consortium},
  journal={Nucleic acids research},
  volume={43},
  number={D1},
  pages={D1042--D1048},
  year={2015},
  publisher={Oxford University Press}
}

@article{yu2005cnki,
  title={CNKI and Utilization [J]},
  author={Yu-hong, WU},
  journal={Shan Xi Library Journal},
  volume={4},
  year={2005}
}

@article{mongeon2016journal,
  title={The journal coverage of Web of Science and Scopus: a comparative analysis},
  author={Mongeon, Philippe and Paul-Hus, Ad{\`e}le},
  journal={Scientometrics},
  volume={106},
  number={1},
  pages={213--228},
  year={2016},
  publisher={Springer}
}

@misc{wiki:ArXiv,
   author = "Wikipedia",
   title = "{ArXiv} --- {W}ikipedia{,} The Free Encyclopedia",
   year = "2021",
   howpublished = {\url{http://en.wikipedia.org/w/index.php?title=ArXiv&oldid=996546133}},
   note = "[Online; accessed 12-March-2021]"
 }

 @misc{wiki:List_of_bioinformatics_journals,
   author = "Wikipedia",
   title = "{List of bioinformatics journals} --- {W}ikipedia{,} The Free Encyclopedia",
   year = "2021",
   howpublished = {\url{http://en.wikipedia.org/w/index.php?title=List\%20of\%20bioinformatics\%20journals&oldid=1008498565}},
   note = "[Online; accessed 12-March-2021]"
 }

 @article{xu2020liver,
  title={Liver injury during highly pathogenic human coronavirus infections},
  author={Xu, Ling and Liu, Jia and Lu, Mengji and Yang, Dongliang and Zheng, Xin},
  journal={Liver International},
  volume={40},
  number={5},
  pages={998--1004},
  year={2020},
  publisher={Wiley Online Library}
}

@article{chan2020genomic,
  title={Genomic characterization of the 2019 novel human-pathogenic coronavirus isolated from a patient with atypical pneumonia after visiting Wuhan},
  author={Chan, Jasper Fuk-Woo and Kok, Kin-Hang and Zhu, Zheng and Chu, Hin and To, Kelvin Kai-Wang and Yuan, Shuofeng and Yuen, Kwok-Yung},
  journal={Emerging microbes \& infections},
  volume={9},
  number={1},
  pages={221--236},
  year={2020},
  publisher={Taylor \& Francis}
}

@misc{wiki:FASTA_format,
   author = "Wikipedia",
   title = "{FASTA format} --- {W}ikipedia{,} The Free Encyclopedia",
   year = "2021",
   howpublished = {\url{http://en.wikipedia.org/w/index.php?title=FASTA\%20format&oldid=1009993486}},
   note = "[Online; accessed 12-March-2021]"
 }