@article{gasteiger2003expasy,
  title={ExPASy: the proteomics server for in-depth protein knowledge and analysis},
  author={Gasteiger, Elisabeth and Gattiker, Alexandre and Hoogland, Christine and Ivanyi, Ivan and Appel, Ron D and Bairoch, Amos},
  journal={Nucleic acids research},
  volume={31},
  number={13},
  pages={3784--3788},
  year={2003},
  publisher={Oxford University Press}
}
@article{bjellqvist1993focusing,
  title={The focusing positions of polypeptides in immobilized pH gradients can be predicted from their amino acid sequences},
  author={Bjellqvist, Bengt and Hughes, Graham J and Pasquali, Christian and Paquet, Nicole and Ravier, Florence and Sanchez, Jean-Charles and Frutiger, S{\'e}verine and Hochstrasser, Denis},
  journal={Electrophoresis},
  volume={14},
  number={1},
  pages={1023--1031},
  year={1993},
  publisher={Wiley Online Library}
}
@article{bjellqvist1994reference,
  title={Reference points for comparisons of two-dimensional maps of proteins from different human cell types defined in a pH scale where isoelectric points correlate with polypeptide compositions},
  author={Bjellqvist, Bengt and Basse, Bodil and Olsen, Eydfinnur and Celis, Julio E},
  journal={Electrophoresis},
  volume={15},
  number={1},
  pages={529--539},
  year={1994},
  publisher={Wiley Online Library}
}
@article{gasteiger2005protein,
  title={Protein identification and analysis tools on the ExPASy server},
  author={Gasteiger, Elisabeth and Hoogland, Christine and Gattiker, Alexandre and Wilkins, Marc R and Appel, Ron D and Bairoch, Amos and others},
  journal={The proteomics protocols handbook},
  pages={571--607},
  year={2005},
  publisher={Springer}
}
@article{uniprot2019uniprot,
  title={UniProt: a worldwide hub of protein knowledge},
  author={UniProt Consortium},
  journal={Nucleic acids research},
  volume={47},
  number={D1},
  pages={D506--D515},
  year={2019},
  publisher={Oxford University Press}
}