@article{hamosh2005online,
  title={Online Mendelian Inheritance in Man (OMIM), a knowledgebase of human genes and genetic disorders},
  author={Hamosh, Ada and Scott, Alan F and Amberger, Joanna S and Bocchini, Carol A and McKusick, Victor A},
  journal={Nucleic acids research},
  volume={33},
  number={suppl\_1},
  pages={D514--D517},
  year={2005},
  publisher={Oxford University Press}
}
@article{edgar2004muscle,
  title={MUSCLE: multiple sequence alignment with high accuracy and high throughput},
  author={Edgar, Robert C},
  journal={Nucleic acids research},
  volume={32},
  number={5},
  pages={1792--1797},
  year={2004},
  publisher={Oxford University Press}
}
@article{yan2020structural,
  title={Structural basis for the recognition of SARS-CoV-2 by full-length human ACE2},
  author={Yan, Renhong and Zhang, Yuanyuan and Li, Yaning and Xia, Lu and Guo, Yingying and Zhou, Qiang},
  journal={Science},
  volume={367},
  number={6485},
  pages={1444--1448},
  year={2020},
  publisher={American Association for the Advancement of Science}
}
@article{kumar2018mega,
  title={MEGA X: molecular evolutionary genetics analysis across computing platforms},
  author={Kumar, Sudhir and Stecher, Glen and Li, Michael and Knyaz, Christina and Tamura, Koichiro},
  journal={Molecular biology and evolution},
  volume={35},
  number={6},
  pages={1547--1549},
  year={2018},
  publisher={Oxford University Press}
}
@article{larkin2007clustal,
  title={Clustal W and Clustal X version 2.0},
  author={Larkin, Mark A and Blackshields, Gordon and Brown, Nigel P and Chenna, R and McGettigan, Paul A and McWilliam, Hamish and Valentin, Franck and Wallace, Iain M and Wilm, Andreas and Lopez, Rodrigo and others},
  journal={bioinformatics},
  volume={23},
  number={21},
  pages={2947--2948},
  year={2007},
  publisher={Oxford University Press}
}
@article{crooks2004weblogo,
  title={WebLogo: a sequence logo generator},
  author={Crooks, Gavin E and Hon, Gary and Chandonia, John-Marc and Brenner, Steven E},
  journal={Genome research},
  volume={14},
  number={6},
  pages={1188--1190},
  year={2004},
  publisher={Cold Spring Harbor Lab}
}
@article{yachdav2016msaviewer,
  title={MSAViewer: interactive JavaScript visualization of multiple sequence alignments},
  author={Yachdav, Guy and Wilzbach, Sebastian and Rauscher, Benedikt and Sheridan, Robert and Sillitoe, Ian and Procter, James and Lewis, Suzanna E and Rost, Burkhard and Goldberg, Tatyana},
  journal={Bioinformatics},
  volume={32},
  number={22},
  pages={3501--3503},
  year={2016},
  publisher={Oxford University Press}
}
@misc{wiki:Multiple_sequence_alignment,
   author = "Wikipedia",
   title = "{Multiple sequence alignment} --- {W}ikipedia{,} The Free Encyclopedia",
   year = "2021",
   howpublished = {\url{http://en.wikipedia.org/w/index.php?title=Multiple\%20sequence\%20alignment&oldid=1004724979}},
   note = "[Online; accessed 07-May-2021]"
 }
@book{cherry2013feigin,
  title={Feigin and Cherry's Textbook of Pediatric Infectious Diseases E-Book: 2-Volume Set},
  author={Cherry, James and Demmler-Harrison, Gail J and Kaplan, Sheldon L and Steinbach, William J and Hotez, Peter J},
  year={2013},
  publisher={Elsevier Health Sciences}
}
@misc{ncbi:mtf1human,
   author = "NCBI",
   title = "MTF1 metal regulatory transcription factor 1 [ Homo sapiens (human) ]",
   year = "2021",
   howpublished = {\url{https://www.ncbi.nlm.nih.gov/gene/4520}},
   note = "[Online; accessed 07-May-2021]"
 }
 @article{margoshes1957cadmium,
  title={A cadmium protein from equine kidney cortex},
  author={Margoshes, Marvin and Vallee, Bert L},
  journal={Journal of the American Chemical Society},
  volume={79},
  number={17},
  pages={4813--4814},
  year={1957},
  publisher={ACS Publications}
}
@article{stuart1985identification,
  title={Identification of multiple metal regulatory elements in mouse metallothionein-I promoter by assaying synthetic sequences},
  author={Stuart, Gary W and Searle, Peter F and Palmiter, Richard D},
  journal={Nature},
  volume={317},
  number={6040},
  pages={828--831},
  year={1985},
  publisher={Nature Publishing Group}
}
@article{westin1988zinc,
  title={A zinc-responsive factor interacts with a metal-regulated enhancer element (MRE) of the mouse metallothionein-I gene.},
  author={Westin, Gunnar and Schaffner, Walter},
  journal={The EMBO journal},
  volume={7},
  number={12},
  pages={3763--3770},
  year={1988}
}
@article{seguin1988detection,
  title={Detection of a nuclear protein that interacts with a metal regulatory element of the mouse metallothionein 1 gene},
  author={S{\'e}guin, Carl and Pr{\'e}vost, Jacinthe},
  journal={Nucleic acids research},
  volume={16},
  number={22},
  pages={10547--10560},
  year={1988},
  publisher={Oxford University Press}
}
@article{radtke1993cloned,
  title={Cloned transcription factor MTF-1 activates the mouse metallothionein I promoter.},
  author={Radtke, F and Heuchel, R and Georgiev, O and Hergersberg, M and Gariglio, M and Dembic, Z and Schaffner, W},
  journal={The EMBO journal},
  volume={12},
  number={4},
  pages={1355--1362},
  year={1993}
}
@article{brugnera1994cloning,
  title={Cloning, chromosomal mapping and characterization of the human metal-regulatory transcription factor MTF-1},
  author={Brugnera, Enrico and Georgiev, Oleg and Radtke, Freddy and Heuchel, Rainer and Baker, Elizabeth and Sutherland, Grant R and Schaffner, Walter},
  journal={Nucleic acids research},
  volume={22},
  number={15},
  pages={3167--3173},
  year={1994},
  publisher={Oxford University Press}
}
@article{gunther2012taste,
  title={The taste of heavy metals: gene regulation by MTF-1},
  author={G{\"u}nther, Viola and Lindert, Uschi and Schaffner, Walter},
  journal={Biochimica et Biophysica Acta (BBA)-Molecular Cell Research},
  volume={1823},
  number={9},
  pages={1416--1425},
  year={2012},
  publisher={Elsevier}
}
@article{gasteiger2005protein,
  title={Protein identification and analysis tools on the ExPASy server},
  author={Gasteiger, Elisabeth and Hoogland, Christine and Gattiker, Alexandre and Wilkins, Marc R and Appel, Ron D and Bairoch, Amos and others},
  journal={The proteomics protocols handbook},
  pages={571--607},
  year={2005},
  publisher={Springer}
}
@article{kyte1982simple,
  title={A simple method for displaying the hydropathic character of a protein},
  author={Kyte, Jack and Doolittle, Russell F},
  journal={Journal of molecular biology},
  volume={157},
  number={1},
  pages={105--132},
  year={1982},
  publisher={Elsevier}
}
@article{kosugi2009systematic,
  title={Systematic identification of cell cycle-dependent yeast nucleocytoplasmic shuttling proteins by prediction of composite motifs},
  author={Kosugi, Shunichi and Hasebe, Masako and Tomita, Masaru and Yanagawa, Hiroshi},
  journal={Proceedings of the National Academy of Sciences},
  volume={106},
  number={25},
  pages={10171--10176},
  year={2009},
  publisher={National Acad Sciences}
}
@article{persikov2014novo,
  title={De novo prediction of DNA-binding specificities for Cys2His2 zinc finger proteins},
  author={Persikov, Anton V and Singh, Mona},
  journal={Nucleic acids research},
  volume={42},
  number={1},
  pages={97--108},
  year={2014},
  publisher={Oxford University Press}
}
@article{hardyman2016zinc,
  title={Zinc sensing by metal-responsive transcription factor 1 (MTF1) controls metallothionein and ZnT1 expression to buffer the sensitivity of the transcriptome response to zinc},
  author={Hardyman, JEJ and Tyson, John and Jackson, KA and Aldridge, C and Cockell, SJ and Wakeling, LA and Valentine, RA and Ford, Dianne},
  journal={Metallomics},
  volume={8},
  number={3},
  pages={337--343},
  year={2016},
  publisher={Oxford University Press}
}
@article{larkin2007clustal,
  title={Clustal W and Clustal X version 2.0},
  author={Larkin, Mark A and Blackshields, Gordon and Brown, Nigel P and Chenna, R and McGettigan, Paul A and McWilliam, Hamish and Valentin, Franck and Wallace, Iain M and Wilm, Andreas and Lopez, Rodrigo and others},
  journal={bioinformatics},
  volume={23},
  number={21},
  pages={2947--2948},
  year={2007},
  publisher={Oxford University Press}
}
@article{hofmann1993tmbase,
  title={TMbase-A database of membrane spanning proteins segments},
  author={Hofmann, KAWS},
  journal={Biol. Chem. Hoppe-Seyler},
  volume={374},
  pages={166},
  year={1993}
}
@article{cortes1995support,
  title={Support-vector networks},
  author={Cortes, Corinna and Vapnik, Vladimir},
  journal={Machine learning},
  volume={20},
  number={3},
  pages={273--297},
  year={1995},
  publisher={Springer}
}