@article{young2018aplastic,
  title={Aplastic anemia},
  author={Young, Neal S},
  journal={New England Journal of Medicine},
  volume={379},
  number={17},
  pages={1643--1656},
  year={2018},
  publisher={Mass Medical Soc}
}
@book{fauci2015harrison,
  title={Harrison's principles of internal medicine},
  author={Fauci, Anthony S},
  year={2015},
  publisher={McGraw-Hill Education}
}
@book{porter2011merck,
  title={The Merck manual of diagnosis and therapy},
  author={Porter, Robert S and Kaplan, Justin L},
  year={2011},
  publisher={Merck Sharp \& Dohme Corp.}
}
@article{giudice2018deep,
  title={Deep sequencing and flow cytometric characterization of expanded effector memory CD8+ CD57+ T cells frequently reveals T-cell receptor V$\beta$ oligoclonality and CDR3 homology in acquired aplastic anemia},
  author={Giudice, Valentina and Feng, Xingmin and Lin, Zenghua and Hu, Wei and Zhang, Fanmao and Qiao, Wangmin and Ibanez, Maria del Pilar Fernandez and Rios, Olga and Young, Neal S},
  journal={Haematologica},
  volume={103},
  number={5},
  pages={759},
  year={2018},
  publisher={Ferrata Storti Foundation}
}
@incollection{canese2013pubmed,
  title={PubMed: the bibliographic database},
  author={Canese, Kathi and Weis, Sarah},
  booktitle={The NCBI Handbook [Internet]. 2nd edition},
  year={2013},
  publisher={National Center for Biotechnology Information (US)}
}
@misc{roberts2001pubmed,
  title={PubMed Central: The GenBank of the published literature},
  author={Roberts, Richard J},
  year={2001},
  publisher={National Acad Sciences}
}
@article{gentleman2004bioconductor,
  title={Bioconductor: open software development for computational biology and bioinformatics},
  author={Gentleman, Robert C and Carey, Vincent J and Bates, Douglas M and Bolstad, Ben and Dettling, Marcel and Dudoit, Sandrine and Ellis, Byron and Gautier, Laurent and Ge, Yongchao and Gentry, Jeff and others},
  journal={Genome biology},
  volume={5},
  number={10},
  pages={1--16},
  year={2004},
  publisher={Springer}
}
@article{geer2002cdart,
  title={CDART: protein homology by domain architecture},
  author={Geer, Lewis Y and Domrachev, Michael and Lipman, David J and Bryant, Stephen H},
  journal={Genome research},
  volume={12},
  number={10},
  pages={1619--1623},
  year={2002},
  publisher={Cold Spring Harbor Lab}
}
@article{larkin2007clustal,
  title={Clustal W and Clustal X version 2.0},
  author={Larkin, Mark A and Blackshields, Gordon and Brown, Nigel P and Chenna, R and McGettigan, Paul A and McWilliam, Hamish and Valentin, Franck and Wallace, Iain M and Wilm, Andreas and Lopez, Rodrigo and others},
  journal={bioinformatics},
  volume={23},
  number={21},
  pages={2947--2948},
  year={2007},
  publisher={Oxford University Press}
}
@article{irwin2005zinc,
  title={ZINC- a free database of commercially available compounds for virtual screening},
  author={Irwin, John J and Shoichet, Brian K},
  journal={Journal of chemical information and modeling},
  volume={45},
  number={1},
  pages={177--182},
  year={2005},
  publisher={ACS Publications}
}
@article{grosdidier2011swissdock,
  title={SwissDock, a protein-small molecule docking web service based on EADock DSS},
  author={Grosdidier, Aurelien and Zoete, Vincent and Michielin, Olivier},
  journal={Nucleic acids research},
  volume={39},
  number={suppl\_2},
  pages={W270--W277},
  year={2011},
  publisher={Oxford University Press}
}
@article{pettersen2004ucsf,
  title={UCSF Chimeraâ€”a visualization system for exploratory research and analysis},
  author={Pettersen, Eric F and Goddard, Thomas D and Huang, Conrad C and Couch, Gregory S and Greenblatt, Daniel M and Meng, Elaine C and Ferrin, Thomas E},
  journal={Journal of computational chemistry},
  volume={25},
  number={13},
  pages={1605--1612},
  year={2004},
  publisher={Wiley Online Library}
}
@article{sehnal2021mol,
  title={Mol* Viewer: modern web app for 3D visualization and analysis of large biomolecular structures},
  author={Sehnal, David and Bittrich, Sebastian and Deshpande, Mandar and Svobodov{\'a}, Radka and Berka, Karel and Bazgier, V{\'a}clav and Velankar, Sameer and Burley, Stephen K and Ko{\v{c}}a, Jaroslav and Rose, Alexander S},
  journal={Nucleic Acids Research},
  year={2021}
}
@article{zeng2004transcript,
  title={Transcript profile of CD4+ and CD8+ T cells from the bone marrow of acquired aplastic anemia patients},
  author={Zeng, Weihua and Kajigaya, Sachiko and Chen, Guibin and Risitano, Antonio M and Nunez, Olga and Young, Neal S},
  journal={Experimental hematology},
  volume={32},
  number={9},
  pages={806--814},
  year={2004},
  publisher={Elsevier}
}
@article{franzke2006identification,
  title={Identification of novel regulators in T-cell differentiation of aplastic anemia patients},
  author={Franzke, Anke and Geffers, Robert and Hunger, J Katrin and Pf{\"o}rtner, Susanne and Piao, Wenji and Ivanyi, Philipp and Grosse, Jens and Probst-Kepper, Michael and Ganser, Arnold and Buer, Jan},
  journal={BMC genomics},
  volume={7},
  number={1},
  pages={1--11},
  year={2006},
  publisher={BioMed Central}
}
@article{fernandez2002structure,
  title={Structure, function, and inhibition of chemokines},
  author={Fernandez, Elias J and Lolis, Elias},
  journal={Annual review of pharmacology and toxicology},
  volume={42},
  number={1},
  pages={469--499},
  year={2002},
  publisher={Annual Reviews 4139 El Camino Way, PO Box 10139, Palo Alto, CA 94303-0139, USA}
}
@article{aneja2011mechanism,
  title={Mechanism of platelet factor 4 (PF4) deficiency with RUNX1 haplodeficiency: RUNX1 is a transcriptional regulator of PF4},
  author={Aneja, Kawalpreet and Jalagadugula, Gauthami and Mao, Guangfen and Singh, Anamika and Rao, A Koneti},
  journal={Journal of Thrombosis and Haemostasis},
  volume={9},
  number={2},
  pages={383--391},
  year={2011},
  publisher={Wiley Online Library}
}
@article{peslak2017diagnosis,
  title={Diagnosis and treatment of aplastic anemia},
  author={Peslak, Scott A and Olson, Timothy and Babushok, Daria V},
  journal={Current treatment options in oncology},
  volume={18},
  number={12},
  pages={70},
  year={2017},
  publisher={Springer}
}
@article{longo2018aplastic,
  title={Aplastic anemia},
  author={Longo, Dan L and Silberstein, P and Huyck, T},
  journal={N Engl J Med},
  volume={379},
  pages={1643--56},
  year={2018}
}