@article{burge1997prediction,
  title={Prediction of complete gene structures in human genomic DNA},
  author={Burge, Chris and Karlin, Samuel},
  journal={Journal of molecular biology},
  volume={268},
  number={1},
  pages={78--94},
  year={1997},
  publisher={Elsevier}
}

@article{gasteiger2005protein,
  title={Protein identification and analysis tools on the ExPASy server},
  author={Gasteiger, Elisabeth and Hoogland, Christine and Gattiker, Alexandre and Wilkins, Marc R and Appel, Ron D and Bairoch, Amos and others},
  journal={The proteomics protocols handbook},
  pages={571--607},
  year={2005},
  publisher={Springer}
}

@article{hofmann1993tmbase,
  title={TMbase-A database of membrane spanning proteins segments},
  author={Hofmann, KAWS},
  journal={Biol. Chem. Hoppe-Seyler},
  volume={374},
  pages={166},
  year={1993}
}

@article{kyte1982simple,
  title={A simple method for displaying the hydropathic character of a protein},
  author={Kyte, Jack and Doolittle, Russell F},
  journal={Journal of molecular biology},
  volume={157},
  number={1},
  pages={105--132},
  year={1982},
  publisher={Elsevier}
}

@article{kowalczuk2008protein,
  title={A protein complex in the brush-border membrane explains a Hartnup disorder allele},
  author={Kowalczuk, Sonja and Br{\"o}er, Angelika and Tietze, Nadine and Vanslambrouck, Jessica M and Rasko, John EJ and Br{\"o}er, Stefan},
  journal={The FASEB Journal},
  volume={22},
  number={8},
  pages={2880--2887},
  year={2008},
  publisher={Wiley Online Library}
}

@article{wu2020new,
  title={A new coronavirus associated with human respiratory disease in China},
  author={Wu, Fan and Zhao, Su and Yu, Bin and Chen, Yan-Mei and Wang, Wen and Song, Zhi-Gang and Hu, Yi and Tao, Zhao-Wu and Tian, Jun-Hua and Pei, Yuan-Yuan and others},
  journal={Nature},
  volume={579},
  number={7798},
  pages={265--269},
  year={2020},
  publisher={Nature Publishing Group}
}

