@misc{wiki:伤寒,
   author = "Wikipedia",
   title = "{伤寒} --- {W}ikipedia{,} The Free Encyclopedia",
   year = "2021",
   howpublished = {\url{http://zh.wikipedia.org/w/index.php?title=\%E4\%BC\%A4\%E5\%AF\%92&oldid=64924899}},
   note = "[Online; accessed 10-May-2021]"
 }

 @article{ajibola2018typhoid,
  title={Typhoid fever diagnosis in endemic countries: a clog in the wheel of progress?},
  author={Ajibola, Olumide and Mshelia, Mari B and Gulumbe, Bashar H and Eze, Anthonius A},
  journal={Medicina},
  volume={54},
  number={2},
  pages={23},
  year={2018},
  publisher={Multidisciplinary Digital Publishing Institute}
}

@book{murray2020medical,
  title={Medical Microbiology E-Book},
  author={Murray, Patrick R and Rosenthal, Ken S and Pfaller, Michael A},
  year={2020},
  publisher={Elsevier Health Sciences}
}

@book{戚中田2014医学微生物学,
  title={医学微生物学},
  author={戚中田},
  year={2014},
  publisher={Ke xue chu ban she}
}

@article{maheshwari2016comparative,
  title={A comparative evaluation of different diagnostic modalities in the diagnosis of typhoid fever using a composite reference standard: a tertiary hospital based study in Central India},
  author={Maheshwari, Veena and Kaore, Navinchandra Motiram and Ramnani, Vijay Kumar and Sarda, Sheil},
  journal={Journal of clinical and diagnostic research: JCDR},
  volume={10},
  number={10},
  pages={DC01},
  year={2016},
  publisher={JCDR Research \& Publications Private Limited}
}

@article{imen2012laboratory,
  title={Laboratory typing methods for diagnostic of Salmonella strains, the “old” organism that continued challenges},
  author={Imen, Ben Salem and Ridha, Mzoughi and Mahjoub, Aouni},
  journal={Salmonella-A Dangerous Foodborne Pathogen},
  pages={349--372},
  year={2012},
  publisher={IntechOpen}
}