@article{hamosh2005online,
  title={Online Mendelian Inheritance in Man (OMIM), a knowledgebase of human genes and genetic disorders},
  author={Hamosh, Ada and Scott, Alan F and Amberger, Joanna S and Bocchini, Carol A and McKusick, Victor A},
  journal={Nucleic acids research},
  volume={33},
  number={suppl\_1},
  pages={D514--D517},
  year={2005},
  publisher={Oxford University Press}
}
@incollection{canese2013pubmed,
  title={PubMed: the bibliographic database},
  author={Canese, Kathi and Weis, Sarah},
  booktitle={The NCBI Handbook [Internet]. 2nd edition},
  year={2013},
  publisher={National Center for Biotechnology Information (US)}
}
@article{benson2012genbank,
  title={GenBank},
  author={Benson, Dennis A and Cavanaugh, Mark and Clark, Karen and Karsch-Mizrachi, Ilene and Lipman, David J and Ostell, James and Sayers, Eric W},
  journal={Nucleic acids research},
  volume={41},
  number={D1},
  pages={D36--D42},
  year={2012},
  publisher={Oxford University Press}
}
@article{kim2016pubchem,
  title={PubChem substance and compound databases},
  author={Kim, Sunghwan and Thiessen, Paul A and Bolton, Evan E and Chen, Jie and Fu, Gang and Gindulyte, Asta and Han, Lianyi and He, Jane and He, Siqian and Shoemaker, Benjamin A and others},
  journal={Nucleic acids research},
  volume={44},
  number={D1},
  pages={D1202--D1213},
  year={2016},
  publisher={Oxford University Press}
}
@article{federhen2012ncbi,
  title={The NCBI taxonomy database},
  author={Federhen, Scott},
  journal={Nucleic acids research},
  volume={40},
  number={D1},
  pages={D136--D143},
  year={2012},
  publisher={Oxford University Press}
}
@article{schuler199610,
  title={[10] Entrez: Molecular biology database and retrieval system},
  author={Schuler, Gregory D and Epstein, Jonathan A and Ohkawa, Hitomi and Kans, Jonathan A},
  journal={Methods in enzymology},
  volume={266},
  pages={141--162},
  year={1996},
  publisher={Elsevier}
}